
@article{nguyen_federated_2021,
	title = {Federated {Learning} {Meets} {Blockchain} in {Edge} {Computing}: {Opportunities} and {Challenges}},
	volume = {8},
	issn = {2327-4662, 2372-2541},
	shorttitle = {Federated {Learning} {Meets} {Blockchain} in {Edge} {Computing}},
	url = {https://ieeexplore.ieee.org/document/9403374/},
	doi = {10.1109/JIOT.2021.3072611},
	number = {16},
	urldate = {2022-10-17},
	journal = {IEEE Internet of Things Journal},
	author = {Nguyen, Dinh C. and Ding, Ming and Pham, Quoc-Viet and Pathirana, Pubudu N. and Le, Long Bao and Seneviratne, Aruna and Li, Jun and Niyato, Dusit and Poor, H. Vincent},
	month = aug,
	year = {2021},
	pages = {12806--12825},
}
